<?xml version="1.0" encoding="UTF-8"?><collection xmlns="http://www.loc.gov/MARC21/slim"><record><leader>00496nam--2200193-i-4500</leader><controlfield tag="001">000014320</controlfield><controlfield tag="002">20161230</controlfield><controlfield tag="005">20161230201030</controlfield><controlfield tag="008">060222s1000------------r-----000-0-ger-d</controlfield><datafield ind1=" " ind2=" " tag="040"><subfield code="a">IFIN-HH</subfield></datafield><datafield ind1=" " ind2=" " tag="041"><subfield code="a">ger</subfield></datafield><datafield ind1=" " ind2=" " tag="080"><subfield code="a">514.116</subfield></datafield><datafield ind1="1" ind2=" " tag="100"><subfield code="a">Hessenberg, Gerhard</subfield></datafield><datafield ind1="1" ind2="0" tag="245"><subfield code="a">Ebene und spharische trigonomtrie</subfield><subfield code="c">Gerhard hessenberg</subfield></datafield><datafield ind1=" " ind2=" " tag="260"><subfield code="a">Berlin</subfield><subfield code="b">Walter De Gruyter &amp; Co</subfield><subfield code="c">1920</subfield></datafield><datafield ind1=" " ind2=" " tag="300"><subfield code="a">171 P</subfield></datafield><datafield ind1=" " ind2=" " tag="490"><subfield code="a">Sammlung Goschen</subfield></datafield><datafield ind1=" " ind2=" " tag="852"><subfield code="a">44600</subfield><subfield code="c">H.H</subfield></datafield><datafield ind1=" " ind2=" " tag="CAT"><subfield code="a">Sys</subfield><subfield code="c">20130415</subfield><subfield code="h">172026</subfield></datafield></record></collection>